%% This file assumes the use of biber and BibLaTeX.

@software {actions-gh-pages,
  url = {https://github.com/peaceiris/actions-gh-pages},
  title = {GitHub Actions for GitHub Pages},
  date = {2019-05-21},
  author = {Shohei Ueda},
  urldate = {2022-10-12},
}

@online {apple-downloading,
  url = {https://developer.apple.com/documentation/foundation/url_loading_system/downloading_files_from_websites},
  maintitle = {Apple},
  author = {Apple},
  title = {Downloading Files from Websites},
  urldate = {2022-12-01},
}

@online {asay2021,
  maintitle = {TechRepublic},
  url = {https://www.techrepublic.com/article/rust-not-firefox-is-mozillas-greatest-industry-contribution/},
  title = {Rust, not Firefox is Mozilla's greatest industry contribution},
  author = {Matt Asay},
  date = {2021-04-12},
  urldate = {2022-12-03},
}

@software {austen-scrum-bot,
  url = {https://github.com/Austen-G/Scrum-Bot},
  title = {Scrum-Bot},
  author = {Austen Goddu},
  date = {2019-04-26},
  urldate = {2022-10-12},
}

@online {brady-instruction-formats,
  url = {http://www.cs.kzoo.edu/cs230/Resources/MIPS/MachineXL/InstructionFormats.html},
  title = {MIPS Instruction Formats},
  author = {Alyce Brady},
  urldate = {2022-11-25},
}

@article {carney2002,
  title = {Pictorial Illustrations Still Improve Students' Learning from Text},
  url = {https://link.springer.com/article/10.1023/A:1013176309260},
  pages = {5-26},
  date = {2002-03},
  publisher = {Educational Psychology Review},
  author = {Russell N. Carney and Joel R. Levin},
}

@online {chromium-webassembly-bug1,
  maintitle = {bugs.chromium.org},
  url = {https://bugs.chromium.org/p/chromium/issues/detail?id%3D719172},
  title = {Issue 719172: Implicit caching of WebAssembly compilation artifacts},
  author = {evan...@gmail.com},
  date = {2017-05-06},
  urldate = {2022-10-26},
}

@online {chromium-webassembly-bug2,
  maintitle = {bugs.chromium.org},
  url = {https://bugs.chromium.org/p/chromium/issues/detail?id%3D729768},
  title = {Issue 729768: WebAssembly throwing "memory access out of bounds" error in Chrome but not in Firefox},
  author = {evan...@gmail.com},
  date = {2017-06-05},
  urldate = {2022-10-26},
}

@online {cimpanu2020,
  maintitle = {ZDNET},
  url = {https://www.zdnet.com/article/apple-declined-to-implement-16-web-apis-in-safari-due-to-privacy-concerns/},
  author = {Catalin Cimpanu},
  date = {2020-06-28},
  urldate = {2022-12-01},
}

@online {codemirror-changelog,
  maintitle = {CodeMirror},
  url = {https://codemirror.net/5/doc/releases.html},
  author = {CodeMirror},
  title = {Release History},
  urldate = {2022-11-16},
}

@software {cpulator,
  url = {https://cpulator.01xz.net/?sys%3Dmipsr5-spim},
  title = {CPUlator MIPS System Simulator},
  urldate = {2022-11-24},
  version = {811}
}

@software {dailybot,
  url = {https://www.dailybot.com/},
  title = {DailyBot},
  author = {DailyBot},
  urldate = {2022-10-12},
}

@online {dev-to-tailwind-css,
  url = {https://dev.to/arctic_hen7/how-to-set-up-tailwind-css-with-yew-and-trunk-il9},
  maintitle = {DEV},
  title = {How to set up Tailwind CSS with Yew and Trunk},
  author = {arctic\_hen7},
  date = {2021-07-09},
  urldate = {2022-12-01},
}

@online {figma-webassembly,
  maintitle = {Figma},
  url = {https://www.figma.com/blog/webassembly-cut-figmas-load-time-by-3x/},
  title = {WebAssembly cut Figma's load time by 3x},
  author = {Evan Wallace},
  date = {2017-06-08},
  urldate = {2022-10-25},
}

@software {fijter-standup-bot,
  url = {https://github.com/fijter/discord-standupbot},
  title = {Discord Standup bot},
  author = {Dave de Fijter},
  date = {2021-01-21},
  urldate = {2022-10-12},
}

@software {ga-rust-cache,
  url = {https://github.com/marketplace/actions/rust-cache},
  title = {Rust Cache},
  author = {Arpad Borsos},
  date = {2020-09-26},
  urldate = {2022-11-02},
}

@software {ga-rust-toolchain,
  url = {https://github.com/actions-rs/toolchain},
  title = {Toolchain},
  author = {svartalf},
  date = {2019-09-15},
  urldate = {2022-11-02},
}

@software {ga-trunk,
  url = {https://github.com/jetli/trunk-action},
  title = {Trunk},
  author = {Jet Li},
  date = {2021-04-03},
  urldate = {2022-11-02},
}

@online {gfg-addressing-modes,
  maintitle = {GeeksForGeeks},
  url = {https://www.geeksforgeeks.org/addressing-modes/},
  title = {Addressing Modes},
  author = {GeeksForGeeks},
  date = {2019-09-04},
  urldate = {2022-11-25},
}

@software {gloo,
  url = {https://gloo-rs.web.app/},
  title = {Gloo},
  dateurl = {2022-11-24}
}

@book {hennessy-patterson,
  title = {Computer Organization and Design: The Hardware-Software Interface},
  edition = {5},
  date = {2013},
  author = {David A. Patterson and John L. Hennessy}
}

@book {hennessy-patterson-6,
  title = {Computer Organization and Design: A Quantitative Approach},
  edition = {6},
  date = {2019},
  author = {John L. Hennessy and David A. Patterson},
  publisher = {Morgan Kaufmann Publishers},
  address = {50 Hampshire Street, 5th Floor, Cambridge, MA 02139, United States},
}

@online {js-sys,
  maintitle = {Rust and Web Assembly},
  url = {https://rustwasm.github.io/wasm-bindgen/contributing/js-sys/index.html},
  title = {js-sys - The `wasm-bindgen' Guide},
  author = {Rust and Web Assembly},
  urldate = {2022-11-28},
}

@software {jsspim,
  maintitle = {shawnzhong.github.io},
  url = {https://shawnzhong.github.io/JsSpim/},
  title = {JsSpim},
  author = {Shawn Zhong},
  urldate = {2022-11-24},
}

@online {koehn-pseudoinstructions,
  maintitle = {cs.jhu.edu},
  url = {https://www.cs.jhu.edu/~phi/csf/slides/lecture-mips-functions.pdf},
  title = {MIPS Pseudo Instructions and Functions},
  author = {Philip Koehn},
  date = {2019-02-10},
  urldate = {2022-12-03},
}

@online{madewithwebassembly-figma,
  maintitle = {Made with WebAssembly},
  title = {Figma},
  date = {2019-11-22},
  url = {https://madewithwebassembly.com/showcase/figma/},
  urldate = {2022-12-03},
}

@online{malomo2022,
  title = {Exploring Yew, the rust-based frontend framework as a React Developer},
  author = {Demola Malomo},
  date = {2022-09-27},
  url = {https://dev.to/hackmamba/exploring-yew-the-rust-based-frontend-framework-as-a-react-developer-52l},
}

@online {mars-settings,
  url = {https://courses.missouristate.edu/kenvollmar/mars/help/MarsHelpSettings.html},
  date = {2014-08},
  title = {Configuration Settings},
  maintitle = {MARS - Mips Assembly and Runtime Simulator},
}

@online {mdn-cookies,
  maintitle = {Mozilla},
  publisher = {Mozilla},
  url = {https://developer.mozilla.org/en-US/docs/Web/HTTP/Cookies},
  title = {Using HTTP cookies},
  author = {MDN contributors},
  date = {2022-11-12},
  urldate = {2022-11-30},
}

@online {mdn-file-and-directory-entries-api,
  maintitle = {Mozilla},
  publisher = {Mozilla},
  url = {https://developer.mozilla.org/en-US/docs/Web/API/File_and_Directory_Entries_API},
  title = {File and Directory Entries API},
  author = {MDN contributors},
  date = {2022-09-09},
  urldate = {2022-11-30},
}

@online {mdn-file-api,
  maintitle = {Mozilla},
  publisher = {Mozilla},
  url = {https://developer.mozilla.org/en-US/docs/Web/API/File_API},
  title = {File API},
  author = {MDN contributors},
  date = {2022-09-14},
  urldate = {2022-11-30},
}

@online {mdn-responsive-design,
  maintitle = {Mozilla},
  url = {https://developer.mozilla.org/en-US/docs/Learn/CSS/CSS_layout/Responsive_Design},
  title = {Responsive design},
  author = {MDN Contributors},
  date = {2022-11-14},
  urldate = {2022-12-01},
}

@online {mdn-set-cookie,
  publisher = {Mozilla},
  maintitle = {Mozilla},
  url = {https://developer.mozilla.org/en-US/docs/Web/HTTP/Headers/Set-Cookie},
  title = {Set-Cookie},
  author = {MDN contributors},
  date = {2022-09-12},
  urldate = {2022-11-30},
}

@online {mdn-webassembly,
  url = {https://developer.mozilla.org/en-US/docs/WebAssembly},
  maintitle = {Mozilla},
  title = {WebAssembly},
  date = {2022-10-12},
  author = {MDN Contributors},
  urldate = {2022-10-18},
}

@software {minecraft,
  title = {Minecraft},
  url = {https://www.minecraft.net},
  author = {Mojang},
  date = {2011},
  urldate = {2022-11-30},
}

@software {mini-mips,
  url = {http://www.csbio.unc.edu/mcmillan/miniMIPS.html},
  title = {UNC miniMIPS Architecture Simulator V 1.1},
  urldate = {2022-11-24},
  date = {2015},
  author = {Leonard McMillan},
}

@software {mips-assembler-field-guide,
  url = {https://www.csfieldguide.org.nz/en/interactives/mips-assembler/},
  title = {MIPS Assembler},
  urldate = {2022-11-24},
}

@software {mips-assembler-hogan,
  url = {https://alanhogan.com/asu/assembler.php},
  title = {MIPS Assembler},
  author = {Alan Hogan},
  urldate = {2022-11-24},
  version = {0.20}
}

@software {mips-interpreter,
  url = {https://dannyqiu.me/mips-interpreter/},
  title = {MIPS Interpreter},
  author = {Danny Qiu},
  urldate = {2022-11-24},
}

@book {mips-programmers-guide,
  title = {MIPS Assembly Language Programmer's Guide},
  url = {https://www.cs.unibo.it/~solmi/teaching/arch_2002-2003/AssemblyLanguageProgDoc.pdf},
  date = {1992-10},
}

@book {mips-specification,
  url = {https://s3-eu-west-1.amazonaws.com/downloads-mips/documents/MD00083-2B-MIPS64INT-AFP-06.01.pdf},
  title = {MIPS® Architecture For Programmers Volume I-A: Introduction to the MIPS64® Architecture},
  date = {2014-08-20},
  urldate = {2022-10-05},
}

@book {mips-specification-5,
  url = {https://s3-eu-west-1.amazonaws.com/downloads-mips/documents/MD00087-2B-MIPS64BIS-AFP-05.04.pdf},
  title = {MIPS® Architecture For Programmers Volume II-A: The MIPS64® Instruction Set},
  date = {2013-12-11},
  urldate = {2022-11-27},
}

@online {mips-to-risc-v,
  url = {https://www.mips.com/news/mips-pivots-to-risc-with-best-in-class-performance-and-scalability/},
  title = {MIPS Pivots to RISC-V with Best-In-Class Performance and Scalability},
  date = {2022-05-10},
  urldate = {2022-12-17},
}

@online {mishka-monaco,
  url = {https://nerdymishka.com/blog/monaco-editor-quick-start/},
  title = {Monaco Editor – Quick Start},
  author = {Nerdy Mishka},
  urldate = {2022-12-17},
}

@online {monaco,
  url = {https://microsoft.github.io/monaco-editor/},
  maintitle = {Microsoft},
  title = {Monaco Editor},
  author = {Microsoft},
  urldate = {2022-10-18},
}

@online {monaco-api,
  url = {https://microsoft.github.io/monaco-editor/api/index.html},
  title = {Monaco Editor API},
  author = {Microsoft},
  urldate = {2022-12-17},
}

@online {monaco-changelog,
  url = {https://github.com/microsoft/monaco-editor/blob/main/CHANGELOG.md},
  title = {Monaco Editor Changelog},
  maintitle = {GitHub},
  date = {2022-10-18},
  urldate = {2022-11-30},
}

@online {monaco-custom-languages,
  maintitle = {Monaco Editor},
  url = {https://microsoft.github.io/monaco-editor/playground.html#extending-language-services-custom-languages},
  title = {Extending Language Services Custom Languages},
  author = {Microsoft},
  urldate = {2022-12-02},
}

@online {monaco-fontsize-issue,
  url = {https://github.com/microsoft/monaco-editor/issues/2242},
  author = {silverwind},
  title = {Accept string for `fontSize' \#2242},
  date = {2020-12-03},
  urldate = {2022-11-30},
}

@software {monaco-themes,
  title = {Monaco Themes},
  url = {https://github.com/brijeshb42/monaco-themes/tree/master/themes},
  author = {Brijesh Bittu},
  date = {2022-11-08},
  urldate = {2022-11-30},
}

@online {monarch,
  maintitle = {Monaco Editor},
  url = {https://microsoft.github.io/monaco-editor/monarch.html},
  title = {Monarch Documentation},
  author = {Microsoft},
  urldate = {2022-12-02},
}

@online {moor2009,
  maintitle = {Imperial College London},
  url = {https://www.doc.ic.ac.uk/lab/secondyear/spim/node10.html},
  author = {Ian Moor},
  title = {CPU Registers},
  date = {2009-11-03},
  urldate = {2022-11-27},
}

@online {mozilla-webassembly-concepts,
  maintitle = {Mozilla},
  url = {https://developer.mozilla.org/en-US/docs/WebAssembly/Concepts#how_do_i_use_webassembly_in_my_app},
  title = {WebAssembly Concepts},
  author = {MDN Contributors},
  date = {2022-10-15},
  urldate = {2022-11-29},
}

@software {nandgame,
  url = {https://nandgame.com/},
  title = {Nandgame},
  author = {Olav Junker Kjær},
  urldate = {2022-11-30},
}

@software {navn-standup-bot,
  url = {https://github.com/navn-r/standup-bot},
  title = {Standup Bot},
  author = {Navinn Ravindaran},
  date = {2021-10-25},
  urldate = {2022-10-12},
}

@software {orli,
  url = {https://www.orli.ai/},
  title = {Orli},
  author = {Anca Onuta},
  urldate = {2022-10-12},
}

@online {owasp-csrf,
  publisher = {OWASP},
  maintitle = {OWASP},
  url = {https://owasp.org/www-community/attacks/csrf},
  title = {Cross Site Request Forgery (CSRF)},
  author = {KirstenS},
  urldate = {2022-11-30},
}

@online {owasp-xss,
  publisher = {OWASP},
  maintitle = {OWASP},
  url = {https://owasp.org/www-community/attacks/xss/},
  title = {Cross Site Scripting (XSS)},
  author = {KirstenS},
  urldate = {2022-11-30},
}

@software {pest,
  url = {https://pest.rs/},
  title = {pest. The Elegant Parser},
  urldate = {2022-12-02},
}

@inbook {presmeg2006,
  author = {Norma Presmeg},
  title = {Research on Visualization in Learning and Teaching Mathematics: Emergence from Psychology},
  booktitle = {Handbook of Research on the Psychology of Mathematics Education},
  year = {2006},
  publisher = {Brill},
  address = {Leiden, The Netherlands},
  isbn = {9789087901127},
  doi = {https://doi.org/10.1163/9789087901127_009},
  pages = {205-235},
  url = {https://brill.com/view/book/edcoll/9789087901127/BP000009.xml},
}

@software {qubit,
  url = {https://github.com/abhimanyu003/qubit},
  title = {qubit},
  author = {Abhimanyu Sharma},
  date = {2022-01-17},
  urldate = {2022-12-01},
}

@online {rapidtables-rgb,
  maintitle = {Rapid Tables},
  url = {https://www.rapidtables.com/web/color/RGB_Color.html},
  title = {RGB Color Codes Chart},
  author = {Rapid Tables},
  urldate = {2022-11-30},
}

@online {replit-code-editors,
  maintitle = {replit},
  url = {https://blog.replit.com/code-editors},
  author = {Faris Masad},
  date = {2021-12-14},
  urldate = {2022-12-01},
}

@online {rust-book,
  maintitle = {The Rust Programming Language},
  url = {https://doc.rust-lang.org/book/foreword.html},
  title = {Foreword},
  author = {Nicholas Matsakis and Aaron Turon},
  date = {2019-08},
  urldate = {2022-11-24},
}

@online {rust-book-borrowing,
  maintitle = {The Rust Programming Language},
  url = {https://doc.rust-lang.org/book/ch04-02-references-and-borrowing.html},
  title = {References and Borrowing},
  author = {Steve Klabnik and Carol Nichols},
  date = {2019-08},
  urldate = {2022-11-16},
}

@online {rust-book-ownership,
  maintitle = {The Rust Programming Language},
  url = {https://doc.rust-lang.org/book/ch04-01-what-is-ownership.html},
  title = {What Is Ownership?},
  author = {Steve Klabnik and Carol Nichols},
  date = {2019-08},
  urldate = {2022-11-16},
}

@online {rust-doc-levenshtein,
  maintitle = {docs.rs},
  url = {https://docs.rs/distance/latest/distance/fn.levenshtein.html},
  title = {Function distance::levenshtein},
  author = {docs.rs},
  urldate = {2022-11-23},
}

@software {rust-monaco,
  url = {https://github.com/siku2/rust-monaco},
  title = {Rust-monaco},
  author = {siku2},
  date = {2021-06-09},
  urldate = {2022-12-02},
}

@online {rust-monaco-docs,
  url = {https://docs.rs/monaco/latest/monaco/index.html},
  maintitle = {docs.rs},
  title = {Crate monaco},
  urldate = {2022-12-02},
}

@online {sahoo2018,
  url = {https://blog.expo.dev/building-a-code-editor-with-monaco-f84b3a06deaf},
  title = {Building a code editor with Monaco},
  maintitle = {Medium},
  author = {Satyajit Sahoo},
  date = {2018-07-13},
  urldate = {2022-12-17},
}

@online {sciencedirect-addressable-memory,
  maintitle = {ScienceDirect},
  url = {https://www.sciencedirect.com/topics/computer-science/addressable-memory},
  title = {Addressable Memory},
  author = {ScienceDirect},
  urldate = {2022-11-27},
}

@online {seth-string-similarity,
  maintitle = {Analytics Vidhya},
  url = {https://www.analyticsvidhya.com/blog/2021/02/a-simple-guide-to-metrics-for-calculating-string-similarity/},
  title = {A Simple Guide to Metrics for Calculating String Similarity},
  author = {Neha Seth},
  date = {2021-02-24},
  urldate = {2022-11-23},
}

@software{spim,
  author       = {James R. Larus},
  title        = {Assemblers, Linkers, and the SPIM Simulator},
  date         = {1994},
  url          = {https://spimsimulator.sourceforge.net/},
  urldate      = {2022-10-05}
}

@online {spim-system-calls,
  maintitle = {Five Dots},
  url = {http://fivedots.coe.psu.ac.th/~cj/csd/spim/system-call.html},
  title = {SPIM System Call},
  author = {Chatchai Jantaraprim},
  date = {2002-11-20},
  urldate = {2022-11-27},
}

@online {stackoverflow-github-actions-folder-name,
  maintitle = {Stack Overflow},
  url = {https://stackoverflow.com/questions/58467939/is-there-a-way-to-get-the-project-folder-name-only-on-a-github-action},
  title = {Is there a way to get the project folder name only on a Github action?},
  author = {redanimalwar},
  date = {2019-10-19},
  urldate = {2022-11-02},
}

@online {stackoverflow-yew-github-actions,
  maintitle = {Stack Overflow},
  url = {https://stackoverflow.com/questions/72305747/yew-application-unable-to-access-static-files-when-hosted-in-github-pages},
  title = {Yew application unable to access static files when hosted in GitHub pages},
  author = {s1n7ax},
  date = {2022-05-19},
  urldate = {2022-11-02},
}



@online {statcounter,
  maintitle = {GlobalStats statcounter},
  url = {https://gs.statcounter.com/browser-market-share/desktop/worldwide},
  title = {Desktop Browser Market Share Worldwide},
  author = {GlobalStats statcounter},
  date = {2022-10-14},
  urldate = {2022-10-14},
}

@online {stylist-macros,
  maintitle = {docs.rs},
  url = {https://docs.rs/stylist/latest/stylist/macros/index.html},
  title = {Macros},
  urldate = {2022-12-01},
}

@software {tailwind-yew-builder,
  url = {https://github.com/matiu2/tailwind-yew-builder},
  title = {Tailwind Builder},
  author = {Matthew Sherborne},
  date = {2021-02-19},
  urldate = {2022-12-01},
}

@software {tailwindcss-yew-template,
  url = {https://github.com/vvcaw/tailwindcss-yew-template},
  title = {tailwindcss-yew-template},
  author = {Eric Elfein},
  date = {2022-04-10},
  urldate = {2022-12-01},
}

@software {trunk,
  url = {https://trunkrs.dev/},
  title = {Trunk},
  urldate = {2022-11-24},
}

@software {turing-complete,
  url = {https://turingcomplete.game/},
  title = {Turing Complete},
  author = {stefan@turingcomplete.game},
  urldate = {2022-11-30},
}

@video {turing-complete-trailer,
  url = {https://www.youtube.com/watch?v%3D-YY73ejihZo%26t%3D21s},
  title = {Turing Complete trailer},
  maintitle = {YouTube},
  author = {Turing Complete},
  date = {2022-07-19},
  urldate = {2022-11-30},
}

@online {tutorialspoint-assembly-addressing-modes,
  maintitle = {tutorialspoint},
  url = {https://www.tutorialspoint.com/assembly_programming/assembly_addressing_modes.htm},
  title = {Assembly - Addressing Modes},
  author = {tutorialspoint},
  urldate = {2022-11-25},
}

@online {ucf-cs-electives,
  maintitle = {University of Central Florida Department of Computer Science},
  url = {https://www.cs.ucf.edu/wp-content/uploads/2022/04/CSIT-Elective-List-AY2022-2023.pdf},
  title = {Computer Science Department CS and IT Required and Electives List},
  date = {2022-08-16},
  author = {University of Central Florida Department of Computer Science},
  urldate = {2022-11-23},
}

@software {vivek-scrum-bot,
  url = {https://github.com/VivekUchiha/scrum-master-bot},
  title = {DELTA SCRUM BOT},
  author = {Vivek Raveendran},
  date = {2020-09-17},
  urldate = {2022-11-30},
}

@online {wasm-bindgen,
  maintitle = {The `wasm-bindgen' Guide},
  title = {Introduction},
  url = {https://rustwasm.github.io/wasm-bindgen/introduction.html},
  urldate = {2022-10-29},
}

@online {wasm-game-of-life-introduction,
  maintitle = {Rust and WebAssembly},
  url = {https://rustwasm.github.io/docs/book/game-of-life/introduction.html},
  author = {Rust and WebAssembly},
  title = {Tutorial: Conway's Game of Life},
  urldate = {2022-11-27},
}

@online {wasm-pack,
  maintitle = {Rust and WebAssembly},
  url = {https://rustwasm.github.io/docs/wasm-pack/introduction.html},
  title = {Introduction - Hello wasm-pack!},
  author = {Rust and WebAssembly},
  urldate = {2022-11-28},
}

@online {web-sys,
  maintitle = {Rust and WebAssembly},
  url = {https://rustwasm.github.io/wasm-bindgen/web-sys/index.html},
  author = {Rust and Web Assembly},
  title = {web-sys - The `wasm-bindgen' Guide},
  urldate = {2022-11-29},
}

@software {webassembly,
  url = {https://webassembly.org/},
  title = {WebAssembly},
  author = {World Wide Web Consortium},
  urldate = {2022-11-24}
}

@online {webassembly-introduction,
  maintitle = {WebAssembly},
  url = {https://webassembly.github.io/spec/core/intro/introduction.html},
  title = {Introduction},
  author = {WebAssembly},
  date = {2022-11-09},
  urldate = {2022-11-27},
}

@software {wemips,
  url = {https://rivoire.cs.sonoma.edu/cs351/wemips/},
  title = {WeMips},
  urldate = {2022-11-24},
}

@software {wepsim,
  url = {https://wepsim.github.io/wepsim/ws_dist/wepsim-classic.html},
  title = {WepSIM Classic},
  author = {Felix Garcia Carballeira and Alejandro Calderon Mateos and Javier Prieto Cepeda and Saul Alonso Monsalve},
  urldate = {2022-11-24},
  version = {2.2.0}
}

@online {wikibooks-mips-instructions,
  maintitle = {Wikibooks},
  url = {https://en.wikibooks.org/wiki/MIPS_Assembly/MIPS_Instructions},
  title = {MIPS Assembly / MIPS Instructions},
  author = {Wikibooks},
  date = {2020-04-16},
  urldate = {2022-12-03},
}

@article {wojtowicz2015,
  url = {https://www.ejournals.eu/pliki/art/7021},
  author = {Tomasz W\'ojtowicz},
  pages = {197-210},
  title = {Visualizing CPU Microarchitecture},
  publisher = {Department of Computer Sciences and Computer Methods, Pedagogical University},
  location = {Poland},
}

@software {yew,
  url = {https://yew.rs/},
  title = {Yew},
  urldate = {2022-11-24}
}

@online {yew-lifecycle,
  maintitle = {Yew},
  url = {https://yew.rs/docs/0.19.0/concepts/components/introduction},
  title = {Introduction},
  author = {Yew},
  urldate = {2022-11-29},
}
